<record><leader>00000cas a22000007a 4500</leader><controlfield tag="001">9569391</controlfield><controlfield tag="008">830602d18681874ksuwr ne      0    0eng d</controlfield><controlfield tag="009">3789</controlfield><datafield ind1=" " ind2=" " tag="010"><subfield code="a">sn 83040343 </subfield></datafield><datafield ind1=" " ind2=" " tag="040"><subfield code="a">KSH</subfield><subfield code="b">eng</subfield><subfield code="c">KSH</subfield><subfield code="d">NPT</subfield><subfield code="d">NPU</subfield><subfield code="d">NPX</subfield><subfield code="d">NPT</subfield><subfield code="d">OCL</subfield><subfield code="d">OCLCQ</subfield><subfield code="d">DLC</subfield></datafield><datafield ind1=" " ind2=" " tag="019"><subfield code="a">9563479</subfield><subfield code="a">9569413</subfield></datafield><datafield ind1=" " ind2=" " tag="042"><subfield code="a">msc</subfield></datafield><datafield ind1="0" ind2="0" tag="245"><subfield code="a">Neosho Valley register.</subfield></datafield><datafield ind1="3" ind2="0" tag="246"><subfield code="a">Kansas State register</subfield></datafield><datafield ind1=" " ind2=" " tag="260"><subfield code="a">Iola, Kan. :</subfield><subfield code="b">Talcott &amp; Acers,</subfield><subfield code="c">1868-1874.</subfield></datafield><datafield ind1=" " ind2=" " tag="300"><subfield code="a">7 v. ;</subfield><subfield code="c">57 cm.</subfield></datafield><datafield ind1=" " ind2=" " tag="310"><subfield code="a">Weekly</subfield></datafield><datafield ind1="0" ind2=" " tag="362"><subfield code="a">Vol. 2, no. 30 (Aug. 5, 1868)-v. 8, no. 52 (Dec. 26, 1874).</subfield></datafield><datafield ind1=" " ind2=" " tag="500"><subfield code="a">Published as: Kansas State register, Oct. 8-&lt;Dec. 24,&gt; 1870.</subfield></datafield><datafield ind1=" " ind2=" " tag="500"><subfield code="a">Publishers: M. Milton Lewis, Oct.-Dec. 1870; Louis Walker &amp; Co., 1871-1874.</subfield></datafield><datafield ind1=" " ind2=" " tag="500"><subfield code="a">Editor: M. Milton Lewis, &lt;1870&gt;.</subfield></datafield><datafield ind1="1" ind2=" " tag="700"><subfield code="a">Lewis, M. Milton.</subfield></datafield><datafield ind1=" " ind2=" " tag="752"><subfield code="a">United States</subfield><subfield code="b">Kansas</subfield><subfield code="c">Allen</subfield><subfield code="d">Iola.</subfield></datafield><datafield ind1="0" ind2="0" tag="780"><subfield code="t">Allen County courant (Iola, Kan. : 1867)</subfield><subfield code="w">(DLC)sn 83040347</subfield></datafield><datafield ind1="0" ind2="0" tag="785"><subfield code="t">Iola register (Iola, Kans. : 1875)</subfield><subfield code="x">2158-8961</subfield><subfield code="w">(DLC)sn 83040340</subfield><subfield code="w">(OCoLC)9563671</subfield></datafield></record>